@misc{atakishiyev2019analysis,
    title={Analysis of Word Embeddings using Fuzzy Clustering},
    author={Shahin Atakishiyev and Marek Z. Reformat},
    year={2019},
    eprint={1907.07672},
    archivePrefix={arXiv},
    primaryClass={cs.CL}
    url = {https://arxiv.org/pdf/1907.07672.pdf},
    pages = {1â€“6}
}
